<?xml version="1.0" encoding="utf-8"?>
<record xmlns="http://www.loc.gov/MARC21/slim" xmlns:xsi="http://www.w3.org/2001/XMLSchema-instance" xsi:schemaLocation="http://www.loc.gov/MARC21/slim http://www.loc.gov/standards/marcxml/schema/MARC21slim.xsd">
	<leader>     nam a22     Mi 4500</leader>
	<controlfield tag="001">b1238706x</controlfield>
	<controlfield tag="003">LeBAU</controlfield>
	<controlfield tag="006">m        d        </controlfield>
	<controlfield tag="007">cr cn |||m|||a</controlfield>
	<controlfield tag="008">191218s1950    ua      ob    ||0 0 ara d</controlfield>
	<datafield ind1=" " ind2=" " tag="040">
		<subfield code="a">ZYU</subfield>
		<subfield code="b">ara</subfield>
		<subfield code="e">rda</subfield>
		<subfield code="c">ZYU</subfield>
	</datafield>
	<datafield ind1="0" ind2="4" tag="082">
		<subfield code="a">297.8</subfield>
		<subfield code="2">22</subfield>
	</datafield>
	<datafield ind1="1" ind2=" " tag="100">
		<subfield code="6">880-01</subfield>
		<subfield code="a">Sharaf, Ṭāhā Aḥmad,</subfield>
		<subfield code="e">author.</subfield>
	</datafield>
	<datafield ind1="1" ind2="0" tag="245">
		<subfield code="6">880-02</subfield>
		<subfield code="a">Dawlat al-Nizārīyah ajdād Āghā Khān :</subfield>
		<subfield code="b">kamā assasahā al-Ḥasan al-Sabbāḥ zaʻīm al-Ismāʻīlīyah fī Fāris /</subfield>
		<subfield code="c">taʼlīf Duktūr Ṭāhā Aḥmad Sharaf, līsānsīh fī al-ādāb, diblūm Maʻhad al-Tarbīyah al-ʻĀlī lil-Muʻallimīn, mājistīr fī al-ādāb, duktūrāh fī al-ādāb, mudarris al-tārīkh bi-al-Maʻhad al-ʻĀlī lil-Muʻallimīn wa-al-Ḥilmīyah al-Thānawīyah.</subfield>
	</datafield>
	<datafield ind1=" " ind2=" " tag="250">
		<subfield code="6">880-03</subfield>
		<subfield code="a">al-Ṭabʻah al-ūlá.</subfield>
	</datafield>
	<datafield ind1=" " ind2="1" tag="264">
		<subfield code="6">880-04</subfield>
		<subfield code="a">al-Qāhirah :</subfield>
		<subfield code="b">Maṭbaʻat al-Shabashkī bi-al-Azhar,</subfield>
		<subfield code="c">1369 H. = 1950 M.</subfield>
	</datafield>
	<datafield ind1=" " ind2=" " tag="300">
		<subfield code="6">880-05</subfield>
		<subfield code="a">online resource (248 pages)</subfield>
	</datafield>
	<datafield ind1=" " ind2=" " tag="336">
		<subfield code="a">text</subfield>
		<subfield code="2">rdacontent</subfield>
	</datafield>
	<datafield ind1=" " ind2=" " tag="337">
		<subfield code="a">computer</subfield>
		<subfield code="2">rdamedia</subfield>
	</datafield>
	<datafield ind1=" " ind2=" " tag="338">
		<subfield code="a">online resource</subfield>
		<subfield code="2">rdacarrier</subfield>
	</datafield>
	<datafield ind1=" " ind2=" " tag="500">
		<subfield code="a">Part of the Arabic Collections Online (ACO) project, contributed by American University of Beirut's Jafet Memorial Library.</subfield>
	</datafield>
	<datafield ind1=" " ind2=" " tag="504">
		<subfield code="a">يتضمن مراجع ببليوغرافية (صفحات [240]-245)</subfield>
	</datafield>
	<datafield ind1=" " ind2=" " tag="533">
		<subfield code="a">Electronic reproduction.</subfield>
		<subfield code="b">New York, N.Y. :</subfield>
		<subfield code="c">New York University,</subfield>
		<subfield code="d">2019.</subfield>
		<subfield code="5">NNU</subfield>
	</datafield>
	<datafield ind1="1" ind2="4" tag="600">
		<subfield code="a">الحسن بن الصباح،</subfield>
		<subfield code="d">-1124.</subfield>
	</datafield>
	<datafield ind1="0" ind2="0" tag="600">
		<subfield code="a">Ḥasan ibn al-Ṣabbāḥ,</subfield>
		<subfield code="d">-1124.</subfield>
	</datafield>
	<datafield ind1=" " ind2="4" tag="650">
		<subfield code="a">النزارية</subfield>
		<subfield code="x">تاريخ.</subfield>
	</datafield>
	<datafield ind1=" " ind2="4" tag="650">
		<subfield code="a">الإسماعيلية</subfield>
		<subfield code="x">تاريخ.</subfield>
	</datafield>
	<datafield ind1=" " ind2="0" tag="650">
		<subfield code="a">Nizārīs</subfield>
		<subfield code="x">History.</subfield>
	</datafield>
	<datafield ind1=" " ind2="0" tag="650">
		<subfield code="a">Ismailites</subfield>
		<subfield code="x">History.</subfield>
	</datafield>
	<datafield ind1="2" ind2=" " tag="710">
		<subfield code="a">Jafet Memorial Library.</subfield>
	</datafield>
	<datafield ind1="0" ind2=" " tag="730">
		<subfield code="a">Arabic Collections Online.</subfield>
	</datafield>
	<datafield ind1="0" ind2="8" tag="776">
		<subfield code="i">Print version:</subfield>
		<subfield code="a">Sharaf, Ṭāhā Aḥmad, author.</subfield>
		<subfield code="t">Dawlat al-Nizārīyah ajdād Āghā Khān</subfield>
		<subfield code="w">(LeBAU)b1238706x</subfield>
	</datafield>
	<datafield ind1="4" ind2="0" tag="856">
		<subfield code="u">http://hdl.handle.net/2333.1/nzs7hdgc</subfield>
	</datafield>
	<datafield ind1="1" ind2=" " tag="880">
		<subfield code="6">100-01</subfield>
		<subfield code="a">شرف، طه احمد،</subfield>
		<subfield code="e">مؤلف. </subfield>
		<subfield code="4">aut.</subfield>
	</datafield>
	<datafield ind1="1" ind2="0" tag="880">
		<subfield code="6">245-02</subfield>
		<subfield code="a">دولة النزارية أجداد أغا خان :</subfield>
		<subfield code="b">كما أسسها الحسن الصباح زعيم الإسماعيلية في فارس /</subfield>
		<subfield code="c">تأليف دكتور طه أحمد شرف، ليسانسيه في الآداب، دبلوم معهد التربية العالي للمعلمين، ماجستير في الآداب، دكتوراه في الآداب، مدرس التاريخ بالمعهد العالي للمعلمين والحلمية الثانوية.</subfield>
	</datafield>
	<datafield ind1=" " ind2=" " tag="880">
		<subfield code="6">250-03</subfield>
		<subfield code="a">الطبعة الأولى.</subfield>
	</datafield>
	<datafield ind1=" " ind2="1" tag="880">
		<subfield code="6">264-04</subfield>
		<subfield code="a">القاهرة :</subfield>
		<subfield code="b">مطبعة الشبشكي بالأزهر،</subfield>
		<subfield code="c">1369 هـ. = 1950 م.</subfield>
	</datafield>
	<datafield ind1=" " ind2=" " tag="880">
		<subfield code="6">300-05</subfield>
		<subfield code="a">248 صفحة ؛</subfield>
		<subfield code="c">20 سم</subfield>
	</datafield>
	<datafield ind1=" " ind2=" " tag="959">
		<subfield code="a">NNU</subfield>
		<subfield code="b">WEB</subfield>
		<subfield code="c">GENI</subfield>
		<subfield code="t">0</subfield>
		<subfield code="m">Electronic access</subfield>
		<subfield code="s">01</subfield>
	</datafield>
	<datafield ind1=" " ind2=" " tag="999">
		<subfield code="i">LeBAU_b1238706x</subfield>
		<subfield code="s">aub_aco002536</subfield>
		<subfield code="e">(ERROR-MISC)</subfield>
	</datafield>
</record>
